@book{oetiker_not_2015,
  edition = {5.05},
  title = {The not so short introduction to {LaTeX} 2e},
  url = {ftp://tug.ctan.org/pub/tex-archive/info/lshort/english/lshort.pdf},
  timestamp = {2015-11-04T18:44:28Z},
  urldate = {2015-11-04},
  author = {{Tobias Oetiker} and {Hubert Partl} and {Irene Hyna} and {Elisabeth Schlegl}},
  month = jul,
  year = {2015}
}

@misc{latex_wikibook,
  title = {{LaTeX} -- {W}ikibooks, open books for an open world},
  howpublished = {\url{https://en.wikibooks.org/wiki/LaTeX}},
  note = {Acessado em 2015-11-04}
}

@phdthesis{cheinet2006conception,
  title={Conception et r{\'e}alisation d'un gravim{\`e}tre {\`a} atomes froids},
  author={Cheinet, Patrick},
  year={2006},
  school={Universit{\'e} Pierre et Marie Curie-Paris VI}
}

%2
@misc{geiger2020highaccuracy,
  title={Highaccuracy inertial measurements with cold-atom sensors, AVS Quantum Sci., 2, 024702},
  author={Geiger, R and Landragin, A and Merlet, S and Santos, FPD},
  year={2020}
}
%3
@article{asenbaum2020atom,
  title={Atom-interferometric test of the equivalence principle at the 10- 12 level},
  author={Asenbaum, Peter and Overstreet, Chris and Kim, Minjeong and Curti, Joseph and Kasevich, Mark A},
  journal={Physical Review Letters},
  volume={125},
  number={19},
  pages={191101},
  year={2020},
  publisher={APS}
}


%4
@article{rosi2014precision,
  title={Precision measurement of the Newtonian gravitational constant using cold atoms},
  author={Rosi, G and Sorrentino, F and Cacciapuoti, L and Prevedelli, Marco and Tino, GM},
  journal={Nature},
  volume={510},
  number={7506},
  pages={518--521},
  year={2014},
  publisher={Nature Publishing Group UK London}
}

%5
@article{morel2020determination,
  title={Determination of the fine-structure constant with an accuracy of 81 parts per trillion},
  author={Morel, L{\'e}o and Yao, Zhibin and Clad{\'e}, Pierre and Guellati-Kh{\'e}lifa, Sa{\"\i}da},
  journal={Nature},
  volume={588},
  number={7836},
  pages={61--65},
  year={2020},
  publisher={Nature Publishing Group UK London}
}

%6
@article{elder2016chameleon,
  title={Chameleon dark energy and atom interferometry},
  author={Elder, Benjamin and Khoury, Justin and Haslinger, Philipp and Jaffe, Matt and M{\"u}ller, Holger and Hamilton, Paul},
  journal={Physical Review D},
  volume={94},
  number={4},
  pages={044051},
  year={2016},
  publisher={APS}
}

%7
@article{menoret2018gravity,
  title={Gravity measurements below 10- 9 g with a transportable absolute quantum gravimeter},
  author={M{\'e}noret, Vincent and Vermeulen, Pierre and Le Moigne, Nicolas and Bonvalot, Sylvain and Bouyer, Philippe and Landragin, Arnaud and Desruelle, Bruno},
  journal={Scientific reports},
  volume={8},
  number={1},
  pages={12300},
  year={2018},
  publisher={Nature Publishing Group UK London}
}

%8
@article{becker2018space,
  title={Space-borne Bose--Einstein condensation for precision interferometry},
  author={Becker, Dennis and Lachmann, Maike D and Seidel, Stephan T and Ahlers, Holger and Dinkelaker, Aline N and Grosse, Jens and Hellmig, Ortwin and M{\"u}ntinga, Hauke and Schkolnik, Vladimir and Wendrich, Thijs and others},
  journal={Nature},
  volume={562},
  number={7727},
  pages={391--395},
  year={2018},
  publisher={Nature Publishing Group UK London}
}

%9
@article{aveline2020observation,
  title={Observation of Bose--Einstein condensates in an Earth-orbiting research lab},
  author={Aveline, David C and Williams, Jason R and Elliott, Ethan R and Dutenhoffer, Chelsea and Kellogg, James R and Kohel, James M and Lay, Norman E and Oudrhiri, Kamal and Shotwell, Robert F and Yu, Nan and others},
  journal={Nature},
  volume={582},
  number={7811},
  pages={193--197},
  year={2020},
  publisher={Nature Publishing Group UK London}
}

%10
@misc{lévèque2022carioqa,
      title={CARIOQA: Definition of a Quantum Pathfinder Mission}, 
      author={T. Lévèque and C. Fallet and J. Lefebve and A. Piquereau and A. Gauguet and B. Battelier and P. Bouyer and N. Gaaloul and M. Lachmann and B. Piest and E. Rasel and J. Müller and C. Schubert and Q. Beaufils and F. Pereira Dos Santos},
      year={2022},
      eprint={2211.01215},
      archivePrefix={arXiv},
      primaryClass={physics.atom-ph}
}

@article{kasevich1991atomic,
  title={Atomic interferometry using stimulated Raman transitions},
  author={Kasevich, Mark and Chu, Steven},
  journal={Physical review letters},
  volume={67},
  number={2},
  pages={181},
  year={1991},
  publisher={APS}
}

@article{fallani2015cold,
  title={Cold atoms: A field enabled by light},
  author={Fallani, Leonardo and Kastberg, Anders},
  journal={Europhysics Letters},
  volume={110},
  number={5},
  pages={53001},
  year={2015},
  publisher={IOP Publishing}
}
@article{Corgier_2021,
   title={Delta-Kick Squeezing},
   volume={127},
   ISSN={1079-7114},
   url={http://dx.doi.org/10.1103/PhysRevLett.127.183401},
   DOI={10.1103/physrevlett.127.183401},
   number={18},
   journal={Physical Review Letters},
   publisher={American Physical Society (APS)},
   author={Corgier, Robin and Gaaloul, Naceur and Smerzi, Augusto and Pezzè, Luca},
   year={2021},
   month=oct }
@article{Ma_2011,
   title={Quantum spin squeezing},
   volume={509},
   ISSN={0370-1573},
   url={http://dx.doi.org/10.1016/j.physrep.2011.08.003},
   DOI={10.1016/j.physrep.2011.08.003},
   number={2–3},
   journal={Physics Reports},
   publisher={Elsevier BV},
   author={Ma, Jian and Wang, Xiaoguang and Sun, C.P. and Nori, Franco},
   year={2011},
   month=dec, pages={89–165} }

@article{badurina2022prospective,
  title={Prospective sensitivities of atom interferometers to gravitational waves and ultralight dark matter},
  author={Badurina, Leonardo and Buchmueller, Oliver and Ellis, John and Lewicki, Marek and McCabe, Christopher and Vaskonen, Ville},
  journal={Philosophical Transactions of the Royal Society A},
  volume={380},
  number={2216},
  pages={20210060},
  year={2022},
  publisher={The Royal Society}
}
@article{dos2008gravimetre,
  title={Gravim{\`e}tre {\`a} atomes froids},
  author={dos Santos, Franck Pereira and Le Gou{\"e}t, Julien and Mehlst{\"a}ubler, Tanja E and Merlet, S{\'e}bastien and Holleville, David and Clairon, Andr{\'e} and Landragin, Arnaud},
  journal={Revue fran{\c{c}}aise de m{\'e}trologie},
  number={13},
  pages={33--40},
  year={2008}
}
@phdthesis{scholl2021simulation,
  title={Simulation quantique de mod{\`e}les de spins avec des grandes matrices d’atomes de Rydberg},
  author={Scholl, Pascal},
  year={2021},
  school={Universit{\'e} Paris-Saclay}
}